% This file was created with JabRef 2.10.
% Encoding: Cp1252


@Article{DBLP:GeoSpan,
  Title                    = {On Geometric Spanners of Euclidean and Unit Disk Graphs},
  Author                   = {Iyad A. Kanj and
 Ljubomir Perkovic},
  Journal                  = {CoRR},
  Year                     = {2008},
  Volume                   = {abs/0802.2864},

  Bibsource                = {dblp computer science bibliography, http://dblp.org},
  Biburl                   = {http://dblp.uni-trier.de/rec/bib/journals/corr/abs-0802-2864},
  Timestamp                = {Mon, 05 Dec 2011 18:03:35 +0100},
  Url                      = {http://arxiv.org/abs/0802.2864}
}

